<record xmlns="http://www.loc.gov/MARC21/slim">
    <leader>     nam a22     5i 4500</leader>
    <controlfield tag="001">W4CZ346626</controlfield>
    <controlfield tag="008">^^^^^^s2013^^^^xx^^^^^^^^^^^|||||||tib^d</controlfield>
    <datafield tag="020" ind1=" " ind2=" ">
        <subfield code="z">9380362168</subfield>
    </datafield>
    <datafield tag="040" ind1=" " ind2=" ">
        <subfield code="a">MaCbTBRC</subfield>
        <subfield code="c">MaCbTBRC</subfield>
    </datafield>
    <datafield tag="245" ind1="0" ind2="0">
        <subfield code="6">880-01</subfield>
        <subfield code="a">smyon pa'i snying gi ri mo/</subfield>
        <subfield code="h">[electronic resource].</subfield>
    </datafield>
    <datafield tag="246" ind1="1" ind2="3">
        <subfield code="a">my crazy tale</subfield>
    </datafield>
    <datafield tag="880" ind1="0" ind2="0">
        <subfield code="6">245-01</subfield>
        <subfield code="a">སྨྱོན་པའི་སྙིང་གི་རི་མོ།</subfield>
    </datafield>
    <datafield tag="260" ind1=" " ind2=" ">
        <subfield code="a">Hariyana, india :</subfield>
        <subfield code="b">Drukpa publication,</subfield>
        <subfield code="c">2013</subfield>
    </datafield>
    <datafield tag="300" ind1=" " ind2=" ">
        <subfield code="a">5 v.  (at the moment tbrc holds 1st volume only)</subfield>
    </datafield>
    <datafield tag="490" ind1="0" ind2=" ">
        <subfield code="a">my crazy tale</subfield>
        <subfield code="v">; part1</subfield>
    </datafield>
    <datafield tag="500" ind1=" " ind2=" ">
        <subfield code="a">Copy made available from the library of tibetan works and archives; ltwa acc. no.D33097.</subfield>
    </datafield>
    <datafield tag="506" ind1=" " ind2=" ">
        <subfield code="a">Access restricted in some countries.</subfield>
    </datafield>
    <datafield tag="542" ind1="1" ind2=" ">
        <subfield code="l">In copyright</subfield>
        <subfield code="u">http://rightsstatements.org/vocab/InC/1.0/</subfield>
    </datafield>
    <datafield tag="520" ind1=" " ind2=" ">
        <subfield code="a">A compilation of commentaries on " My Carazy Tale" by the Gyalwang Drukpa.</subfield>
    </datafield>
    <datafield tag="533" ind1=" " ind2=" ">
        <subfield code="a">Electronic reproduction.</subfield>
        <subfield code="b">Cambridge, Mass. :</subfield>
        <subfield code="c">Buddhist Digital Resource Center.</subfield>
    </datafield>
    <datafield tag="546" ind1=" " ind2=" ">
        <subfield code="a">In Tibetan.</subfield>
    </datafield>
    <datafield tag="653" ind1=" " ind2=" ">
        <subfield code="a">zhal gdams//</subfield>
    </datafield>
    <datafield tag="653" ind1=" " ind2=" ">
        <subfield code="a">dus deb/</subfield>
    </datafield>
    <datafield tag="720" ind1="1" ind2=" ">
        <subfield code="a">'jigs med pad+ma dbang chen//  'brug chen 12 'jigs med pad+ma dbang chen/, 1963.</subfield>
    </datafield>
    <datafield tag="856" ind1="4" ind2="0">
        <subfield code="u">http://www.tbrc.org/link?RID=W4CZ346626</subfield>
        <subfield code="z">Available from TBRC</subfield>
    </datafield>
    <datafield tag="955" ind1=" " ind2=" ">
        <subfield code="a">W4CZ346626-I4CZ346779</subfield>
        <subfield code="c">v.1</subfield>
    </datafield>
    <datafield tag="955" ind1=" " ind2=" ">
        <subfield code="a">W4CZ346626-I4CZ346780</subfield>
        <subfield code="c">v.2</subfield>
    </datafield>
    <datafield tag="955" ind1=" " ind2=" ">
        <subfield code="a">W4CZ346626-I4CZ346781</subfield>
        <subfield code="c">v.3</subfield>
    </datafield>
    <datafield tag="955" ind1=" " ind2=" ">
        <subfield code="a">W4CZ346626-I4CZ346782</subfield>
        <subfield code="c">v.4</subfield>
    </datafield>
    <datafield tag="955" ind1=" " ind2=" ">
        <subfield code="a">W4CZ346626-I4CZ346783</subfield>
        <subfield code="c">v.5</subfield>
    </datafield>
</record>
